<record><leader>00000cas a2200000 a 4500</leader><controlfield tag="001">28692368</controlfield><controlfield tag="008">930825d18741882iludn ne      0    0eng c</controlfield><datafield ind1=" " ind2=" " tag="010"><subfield code="a">sn 93057119 </subfield></datafield><datafield ind1=" " ind2=" " tag="040"><subfield code="a">NVF</subfield><subfield code="b">eng</subfield><subfield code="c">NVF</subfield><subfield code="d">OCLCQ</subfield><subfield code="d">NVF</subfield><subfield code="d">OCLCQ</subfield><subfield code="d">OCLCF</subfield><subfield code="d">OCLCO</subfield></datafield><datafield ind1="1" ind2=" " tag="029"><subfield code="a">AU@</subfield><subfield code="b">000025853738</subfield></datafield><datafield ind1=" " ind2=" " tag="042"><subfield code="a">pcc</subfield></datafield><datafield ind1=" " ind2=" " tag="043"><subfield code="a">n-us-il</subfield></datafield><datafield ind1="0" ind2=" " tag="130"><subfield code="a">Joliet sun (Joliet, Ill. : Daily)</subfield></datafield><datafield ind1="1" ind2="4" tag="245"><subfield code="a">The Joliet sun.</subfield></datafield><datafield ind1="1" ind2=" " tag="246"><subfield code="i">Published as:</subfield><subfield code="a">Joliet daily sun</subfield><subfield code="f">Jan. 18, 1875-&lt;Oct. 16, 1876&gt;</subfield></datafield><datafield ind1=" " ind2=" " tag="260"><subfield code="a">Joliet, Ill. :</subfield><subfield code="b">[s.n.],</subfield><subfield code="c">1874-1882.</subfield></datafield><datafield ind1=" " ind2=" " tag="300"><subfield code="a">v.</subfield></datafield><datafield ind1=" " ind2=" " tag="310"><subfield code="a">Daily (except Sunday)</subfield></datafield><datafield ind1="1" ind2=" " tag="362"><subfield code="a">Began in 1874; ceased in Dec. 1882.</subfield></datafield><datafield ind1=" " ind2=" " tag="500"><subfield code="a">"Daily" appears in small print within the title ornament, &lt;Sept. 25, 1874&gt;-Jan. 16, 1875, and &lt;Jan. 1, 1877-Dec. 29, 1880&gt;.</subfield></datafield><datafield ind1=" " ind2=" " tag="580"><subfield code="a">Merged with: Joliet daily republic, to form: Joliet daily republic and sun.</subfield></datafield><datafield ind1=" " ind2=" " tag="588"><subfield code="a">Description based on: Vol. 1, no. 3 (Sept. 25, 1874).</subfield></datafield><datafield ind1=" " ind2=" " tag="588"><subfield code="a">Latest issue consulted: Dec. 29, 1880.</subfield></datafield><datafield ind1=" " ind2="0" tag="651"><subfield code="a">Joliet (Ill.)</subfield><subfield code="v">Newspapers.</subfield></datafield><datafield ind1=" " ind2="7" tag="655"><subfield code="a">Newspapers.</subfield><subfield code="2">fast</subfield><subfield code="0">(OCoLC)fst01423814</subfield></datafield><datafield ind1=" " ind2="7" tag="651"><subfield code="a">Illinois</subfield><subfield code="z">Joliet.</subfield><subfield code="2">fast</subfield><subfield code="0">(OCoLC)fst01205950</subfield></datafield><datafield ind1=" " ind2=" " tag="752"><subfield code="a">United States</subfield><subfield code="b">Illinois</subfield><subfield code="c">Will</subfield><subfield code="d">Joliet.</subfield></datafield><datafield ind1="0" ind2=" " tag="775"><subfield code="t">Joliet sun (Joliet, Ill. : Weekly)</subfield><subfield code="w">(DLC)sn 85033753</subfield><subfield code="w">(OCoLC)12245175</subfield></datafield><datafield ind1="1" ind2="7" tag="785"><subfield code="t">Joliet daily republic</subfield><subfield code="w">(DLC)sn 94054307</subfield><subfield code="w">(OCoLC)30308315</subfield></datafield><datafield ind1="1" ind2="7" tag="785"><subfield code="t">Joliet daily republic and sun</subfield><subfield code="w">(DLC)sn 93057117</subfield><subfield code="w">(OCoLC)28679315</subfield></datafield></record>